<?xml version="1.0" encoding="UTF-8"?><collection xmlns="http://www.loc.gov/MARC21/slim"><record><leader>00538nam--2200169-i-4500</leader><controlfield tag="001">000011978</controlfield><controlfield tag="002">20161230</controlfield><controlfield tag="005">20161230201029</controlfield><controlfield tag="008">060222s1000------------r-----000-0-eng-d</controlfield><datafield ind1=" " ind2=" " tag="040"><subfield code="a">IFIN-HH</subfield></datafield><datafield ind1=" " ind2=" " tag="080"><subfield code="a">621.039.8(73)</subfield></datafield><datafield ind1="1" ind2=" " tag="110"><subfield code="a">United States Atomic Energy Commission</subfield></datafield><datafield ind1="1" ind2="0" tag="245"><subfield code="a">Atom for peace</subfield><subfield code="b">International conference on the peaceful uses of atomic energy, geneva, august 1955</subfield></datafield><datafield ind1=" " ind2=" " tag="260"><subfield code="a">Washington</subfield><subfield code="b">United States Atomic Energy Commission</subfield><subfield code="c">1977</subfield></datafield><datafield ind1=" " ind2=" " tag="300"><subfield code="a">/PAG.DIF.</subfield></datafield><datafield ind1=" " ind2=" " tag="852"><subfield code="a">43816</subfield><subfield code="c">H.H</subfield></datafield><datafield ind1=" " ind2=" " tag="CAT"><subfield code="a">Sys</subfield><subfield code="c">20130402</subfield><subfield code="h">113241</subfield></datafield></record></collection>